@article{Benson_2021,
    author = {Tom Benson},
    title = {Isentropic Flow Calorically Perfect Gas},
    date = {2021-05-07},
    url = {https://www.grc.nasa.gov/www/BGH/isentrop.html},
    organization = {NASA Glenn Research Center},
    urldate = {2024-04-02}
}
@book{Anderson_2016,
    place={New York, New York},
    edition={6th},
    title={Fundamentals of Aerodynamics},
    publisher={McGraw-Hill Education},
    author={Anderson, John David},
    year={2016}
} 
@manual{lecture9,
    author = {Hui Hu},
    title = {Flow Visualiation Techniques: Shadowgraph and Schlieren},
    year = {2024},
    organization = {Iowa State University},
    url = {https://www.aere.iastate.edu/~huhui/teaching/2024-01S/AerE344/class-notes/AerE344-Lecture-09-Schielren-Shadowgraph.pdf},
}
@manual{lecture12,
    author = {Hui Hu},
    title = {Shock Waves and De Laval Nozzle},
    year = {2024},
    organization = {Iowa State University},
    url = {https://www.aere.iastate.edu/~huhui/teaching/2020-before/2015Sx/class-notes/AerE344-Lecture-12-ShockWaves-and-De-Laval-Nozzle-Schlieren-Shadowgraph-Plume-Lab-final%20%5BCompatibility%20Mode%5D.pdf},
}

https://www.aere.iastate.edu/~huhui/teaching/2020-before/2015Sx/class-notes/AerE344-Lecture-12-ShockWaves-and-De-Laval-Nozzle-Schlieren-Shadowgraph-Plume-Lab-final%20%5BCompatibility%20Mode%5D.pdf